<?xml version="1.0" encoding="UTF-8"?>
<marc:collection xmlns:marc="http://www.loc.gov/MARC21/slim" xmlns:xsi="http://www.w3.org/2001/XMLSchema-instance" xsi:schemaLocation="http://www.loc.gov/MARC21/slim http://www.loc.gov/standards/marcxml/schema/MARC21slim.xsd">
   <marc:record type="Bibliographic">
      <marc:leader>02365cam a2200469 a 4500</marc:leader>
      <marc:controlfield tag="001">3322728</marc:controlfield>
      <marc:controlfield tag="003">NjP</marc:controlfield>
      <marc:controlfield tag="005">20130506141159.0</marc:controlfield>
      <marc:controlfield tag="008">881208s1985    ir       b    000 0bararc</marc:controlfield>
      <marc:datafield tag="024" ind1="7" ind2=" ">
         <marc:subfield code="a">princeton_aco000724</marc:subfield>
         <marc:subfield code="2">local</marc:subfield>
      </marc:datafield>
      <marc:datafield tag="035" ind1=" " ind2=" ">
         <marc:subfield code="a">(OCoLC)ocn176272393</marc:subfield>
      </marc:datafield>
      <marc:datafield tag="040" ind1=" " ind2=" ">
         <marc:subfield code="a">NjP</marc:subfield>
         <marc:subfield code="c">PUL</marc:subfield>
         <marc:subfield code="d">PUL</marc:subfield>
      </marc:datafield>
      <marc:datafield tag="035" ind1=" " ind2=" ">
         <marc:subfield code="a">(OCoLC)176272393</marc:subfield>
      </marc:datafield>
      <marc:datafield tag="035" ind1=" " ind2=" ">
         <marc:subfield code="a">(NjP)3322728</marc:subfield>
      </marc:datafield>
      <marc:datafield tag="042" ind1=" " ind2=" ">
         <marc:subfield code="a">pcc</marc:subfield>
      </marc:datafield>
      <marc:datafield tag="043" ind1=" " ind2=" ">
         <marc:subfield code="a">a-su---</marc:subfield>
      </marc:datafield>
      <marc:datafield tag="050" ind1=" " ind2="4">
         <marc:subfield code="a">BP75.2.I121353</marc:subfield>
         <marc:subfield code="b">I26 1985</marc:subfield>
      </marc:datafield>
      <marc:datafield tag="079" ind1=" " ind2=" ">
         <marc:subfield code="a">ocm49364020</marc:subfield>
      </marc:datafield>
      <marc:datafield tag="049" ind1=" " ind2=" ">
         <marc:subfield code="a">PULL</marc:subfield>
      </marc:datafield>
      <marc:datafield tag="100" ind1="1" ind2=" ">
         <marc:subfield code="6">880-01</marc:subfield>
         <marc:subfield code="a">Ibn al-Ḥājj, Muḥammad,</marc:subfield>
         <marc:subfield code="d">-1775.</marc:subfield>
      </marc:datafield>
      <marc:datafield tag="240" ind1="1" ind2="0">
         <marc:subfield code="6">880-02</marc:subfield>
         <marc:subfield code="a">Rafʻ al-khafā sharḥ Dhāt al-shifā</marc:subfield>
      </marc:datafield>
      <marc:datafield tag="245" ind1="1" ind2="0">
         <marc:subfield code="6">880-03</marc:subfield>
         <marc:subfield code="a">Kitāb rafʻ al-khafāʼ sharḥ Dhāt al-shifā /</marc:subfield>
         <marc:subfield code="c">taʼlīf Muḥammad ibn al-Ḥājj Ḥasan al-Ālānī al-Kurdī ; taḥqīq Ḥamdī ʻAbd al-Majīd al-Salafī, Ṣābir Muḥammad Saʻd Allāh al-Zībārī.</marc:subfield>
      </marc:datafield>
      <marc:datafield tag="246" ind1="3" ind2="0">
         <marc:subfield code="6">880-04</marc:subfield>
         <marc:subfield code="a">Rafʻ al-khafā sharḥ Dhāt al-shifā.</marc:subfield>
      </marc:datafield>
      <marc:datafield tag="250" ind1=" " ind2=" ">
         <marc:subfield code="a">Chāp-i 1.</marc:subfield>
      </marc:datafield>
      <marc:datafield tag="260" ind1=" " ind2=" ">
         <marc:subfield code="a">Ṭihrān :</marc:subfield>
         <marc:subfield code="b">Nashr-i Iḥsān,</marc:subfield>
         <marc:subfield code="c">[1985?]</marc:subfield>
      </marc:datafield>
      <marc:datafield tag="300" ind1=" " ind2=" ">
         <marc:subfield code="a">2 v. in 1 :</marc:subfield>
         <marc:subfield code="b">ill. ;</marc:subfield>
         <marc:subfield code="c">25 cm.</marc:subfield>
      </marc:datafield>
      <marc:datafield tag="504" ind1=" " ind2=" ">
         <marc:subfield code="a">Includes bibliographical references.</marc:subfield>
      </marc:datafield>
      <marc:datafield tag="600" ind1="1" ind2="0">
         <marc:subfield code="6">880-05</marc:subfield>
         <marc:subfield code="a">Ibn al-Jazarī, Muḥammad ibn Muḥammad,</marc:subfield>
         <marc:subfield code="d">1350-1429.</marc:subfield>
         <marc:subfield code="t">Dhāt al-shifā.</marc:subfield>
      </marc:datafield>
      <marc:datafield tag="600" ind1="0" ind2="0">
         <marc:subfield code="a">Muḥammad,</marc:subfield>
         <marc:subfield code="c">Prophet,</marc:subfield>
         <marc:subfield code="d">d. 632.</marc:subfield>
      </marc:datafield>
      <marc:datafield tag="650" ind1=" " ind2="0">
         <marc:subfield code="a">Muslims</marc:subfield>
         <marc:subfield code="z">Saudi Arabia</marc:subfield>
         <marc:subfield code="v">Biography.</marc:subfield>
      </marc:datafield>
      <marc:datafield tag="700" ind1="1" ind2=" ">
         <marc:subfield code="6">880-06</marc:subfield>
         <marc:subfield code="a">Salafī, Ḥamdī ʻAbd al-Majīd.</marc:subfield>
      </marc:datafield>
      <marc:datafield tag="700" ind1="1" ind2=" ">
         <marc:subfield code="6">880-07</marc:subfield>
         <marc:subfield code="a">Zībārī, Ṣābir Muḥammad Saʻd Allāh.</marc:subfield>
      </marc:datafield>
      <marc:datafield tag="700" ind1="1" ind2="2">
         <marc:subfield code="6">880-08</marc:subfield>
         <marc:subfield code="a">Ibn al-Jazarī, Muḥammad ibn Muḥammad,</marc:subfield>
         <marc:subfield code="d">1350-1429.</marc:subfield>
         <marc:subfield code="t">Dhāt al-shifā.</marc:subfield>
      </marc:datafield>
      <marc:datafield tag="880" ind1="1" ind2=" ">
         <marc:subfield code="6">100-01/r</marc:subfield>
         <marc:subfield code="a">ابن الحاج، محمد،</marc:subfield>
         <marc:subfield code="d">-1775.</marc:subfield>
      </marc:datafield>
      <marc:datafield tag="880" ind1="1" ind2="0">
         <marc:subfield code="6">240-02/r</marc:subfield>
         <marc:subfield code="a">رفع الخفا شرح ذات الشفا</marc:subfield>
      </marc:datafield>
      <marc:datafield tag="880" ind1="1" ind2="0">
         <marc:subfield code="6">245-03/r</marc:subfield>
         <marc:subfield code="a">كتاب رفع الخفاء شرح ذات الشفا /</marc:subfield>
         <marc:subfield code="c">تأليف محمد بن الحاج حسن الالاني الكردي ؛ تحقيق حمدي عبد المجيد السلفي، صابر محمد سعد الله الزيباري.</marc:subfield>
      </marc:datafield>
      <marc:datafield tag="880" ind1="3" ind2="0">
         <marc:subfield code="6">246-04/r</marc:subfield>
         <marc:subfield code="a">رفع الخفا شرح ذات الشفا.</marc:subfield>
      </marc:datafield>
      <marc:datafield tag="880" ind1="1" ind2="0">
         <marc:subfield code="6">600-05/r</marc:subfield>
         <marc:subfield code="a">ابن الجزري، محمد بن محمد،</marc:subfield>
         <marc:subfield code="d">1350-1429.</marc:subfield>
         <marc:subfield code="t">ذات الشفا.</marc:subfield>
      </marc:datafield>
      <marc:datafield tag="880" ind1="1" ind2=" ">
         <marc:subfield code="6">700-06/r</marc:subfield>
         <marc:subfield code="a">سلفي، حمدي عبد المجيد.</marc:subfield>
      </marc:datafield>
      <marc:datafield tag="880" ind1="1" ind2=" ">
         <marc:subfield code="6">700-07/r</marc:subfield>
         <marc:subfield code="a">زيباري، صابر محمد سعد الله.</marc:subfield>
      </marc:datafield>
      <marc:datafield tag="880" ind1="1" ind2="2">
         <marc:subfield code="6">700-08/r</marc:subfield>
         <marc:subfield code="a">ابن الجزري، محمد بن محمد،</marc:subfield>
         <marc:subfield code="d">1350-1429.</marc:subfield>
         <marc:subfield code="t">ذات الشفا.</marc:subfield>
      </marc:datafield>
      <marc:datafield tag="904" ind1=" " ind2=" ">
         <marc:subfield code="a">mv</marc:subfield>
         <marc:subfield code="b">a</marc:subfield>
         <marc:subfield code="h">n</marc:subfield>
         <marc:subfield code="c">t</marc:subfield>
         <marc:subfield code="e">20010309</marc:subfield>
      </marc:datafield>
      <marc:datafield tag="994" ind1=" " ind2=" ">
         <marc:subfield code="a">C0</marc:subfield>
         <marc:subfield code="b">PUL</marc:subfield>
      </marc:datafield>
      <marc:datafield tag="999" ind1=" " ind2=" ">
         <marc:subfield code="a">3322728</marc:subfield>
      </marc:datafield>
   </marc:record>
</marc:collection>
